<?xml version="1.0" encoding="UTF-8"?><collection xmlns="http://www.loc.gov/MARC21/slim"><record><leader>00328nam--2200133-i-4500</leader><controlfield tag="001">000005657</controlfield><controlfield tag="002">20161230</controlfield><controlfield tag="005">20161230201026</controlfield><controlfield tag="008">060222s1000------------r-----000-0-eng-d</controlfield><datafield ind1=" " ind2=" " tag="080"><subfield code="a">53.08:571</subfield></datafield><datafield ind1=" " ind2=" " tag="100"><subfield code="a">Aitken, M.J</subfield></datafield><datafield ind1=" " ind2=" " tag="245"><subfield code="a">Physics and archeology</subfield></datafield><datafield ind1=" " ind2=" " tag="260"><subfield code="a">New York, Interscience Publ.Inc., 1961. X+181 P</subfield></datafield><datafield ind1=" " ind2=" " tag="852"><subfield code="a">16696</subfield></datafield></record></collection>